


% -*- ES -*-
% **************************************************************************
%   ************** Bibliografia de la tesis doctoral ********************
% **************************************************************************

% Hay un ejemplo sobre como escribir cada tipo de cita, consultar si hay dudas



% ==========================================================================
@BOOK { Davis:1989,

AUTHOR = "R. E. Davis",
TITLE = "Truth, Deduction, and Computation",
PUBLISHER = "Computer Science Press",
YEAR = "1989"
}


% ==========================================================================
@ARTICLE { Bondarenko:Dung:Kowalski:Toni:1997,

AUTHOR = "A. Bondarenko and Phan M. Dung and Robert Kowalski
    and Francesca Toni",
TITLE = "{A}n abstract argumentation--theoretic approach to default
    reasoning",
JOURNAL = "Artificial Intelligence",
VOLUME = "93",
NUMBER = "1--2",
YEAR = "1997",
PAGES = "63--101"
}



% ==========================================================================
@INPROCEEDINGS { Capobianco:Chesnevar:Simari:2001,

AUTHOR = "M. Capobianco and C. I. Ches{\~n}evar and G. R. Simari",
TITLE = "An argumentative formalism for implementing rational agents",
BOOKTITLE = "Proceedings del 2do Workshop en Agentes y Sistemas Inteligentes (WASI),
   7mo Congreso Argentino de Ciencias de la Computaci\'on (CACIC)",
ORGANIZATION = "Universidad Nacional de la Patagonia Austral",
ADDRESS = "El Calafate, Santa Cruz",
YEAR = 2001,
PAGES = "1051--1062",
MONTH = oct
}


% ==========================================================================
@INCOLLECTION { Haenni:1998,

AUTHOR = "R. Haenni",
TITLE = "Modeling uncertainty with propositional assumption-based systems",
BOOKTITLE = "Applications of uncertainty formalisms",
PUBLISHER = "Springer-Verlag",
EDITOR = "A. Hunter and S. Parsons",
PAGES = "446--470",
YEAR = 1998
}

% =========================================================================

@PHDTHESIS { Chesnevar:2001,

AUTHOR = "C. I. Ches{\~n}evar",
TITLE = "{F}ormalizaci\'on de los {P}rocesos de {A}rgumentaci\'on {R}ebatible como
    {S}istemas {D}eductivos {E}tiquetados",
YEAR = "2001",
MONTH = jan,
SCHOOL = "Departamento de Ciencias de la Computaci{\'o}n,
    Universidad Nacional del Sur",
ADDRESS = "Bah{\'{\i}}a Blanca, Argentina"
}


% =========================================================================
@MASTERSTHESIS { Garcia:1997,

AUTHOR = "A. J. Garc\'{\i}a",
TITLE = "{L}a {P}rogramaci\'on en {L}{\'o}gica {R}ebatible:
    su definici{\'o}n te{\'o}rica y computacional",
YEAR = "1997",
MONTH = jul,
SCHOOL = "Departamento de Ciencias de la Computaci{\'o}n,
    Universidad Nacional del Sur",
ADDRESS = "Bah{\'{\i}}a Blanca, Argentina"
}


% =========================================================================
@MISC { Capobianco:1999,
AUTHOR ="Marcela Capobianco",
TITLE ="{E}l {R}ol de las {B}ases de {D}ial\'ectica en la
        {A}rgumentaci\'on {R}ebatible. Tesis de Licenciatura",
YEAR =  "1999",
MONTH =  jul,
SCHOOL= "Departamento de Ciencias de la Computaci{\'o}n,
          Universidad Nacional del Sur",
ADDRESS = "Bah{\'{\i}}a Blanca, Argentina"
}

